<record><leader>00000cas a22000007a 4500</leader><controlfield tag="001">17475213</controlfield><controlfield tag="008">880215d19611962pauwr ne      0    0eng d</controlfield><datafield ind1=" " ind2=" " tag="010"><subfield code="a">sn 88079101 </subfield></datafield><datafield ind1=" " ind2=" " tag="040"><subfield code="a">NPH</subfield><subfield code="b">eng</subfield><subfield code="c">NPH</subfield><subfield code="d">OCLCQ</subfield></datafield><datafield ind1=" " ind2=" " tag="042"><subfield code="a">msc</subfield></datafield><datafield ind1="0" ind2="4" tag="245"><subfield code="a">The Catasauqua times and Northampton times.</subfield></datafield><datafield ind1=" " ind2=" " tag="260"><subfield code="a">Northampton, Pa. :</subfield><subfield code="b">Peerless Pub. Co.,</subfield><subfield code="c">1961-1962.</subfield></datafield><datafield ind1=" " ind2=" " tag="300"><subfield code="a">1 v. :</subfield><subfield code="b">ill. ;</subfield><subfield code="c">40 cm.</subfield></datafield><datafield ind1=" " ind2=" " tag="310"><subfield code="a">Weekly</subfield></datafield><datafield ind1="0" ind2=" " tag="362"><subfield code="a">Vol. 1, no. 17 (July 21, 1961)-v. 1, no. 43 (Jan. 26, 1962).</subfield></datafield><datafield ind1=" " ind2=" " tag="500"><subfield code="a">"Serving the 7 Big boroughs of the Cement belt."</subfield></datafield><datafield ind1=" " ind2=" " tag="500"><subfield code="a">Publisher: Bernard J. Fetsko.</subfield></datafield><datafield ind1=" " ind2=" " tag="752"><subfield code="a">United States</subfield><subfield code="b">Pennsylvania</subfield><subfield code="c">Northampton</subfield><subfield code="d">Northampton.</subfield></datafield><datafield ind1=" " ind2=" " tag="752"><subfield code="a">United States</subfield><subfield code="b">Pennsylvania</subfield><subfield code="c">Northampton</subfield><subfield code="d">Catasauqua.</subfield></datafield><datafield ind1="0" ind2="0" tag="780"><subfield code="t">Northampton times</subfield><subfield code="w">(DLC)sn 88079104</subfield></datafield><datafield ind1="0" ind2="0" tag="785"><subfield code="t">Times (Northampton, Pa.)</subfield><subfield code="w">(DLC)sn 88079103</subfield></datafield></record>